[gd_scene load_steps=9 format=2]

[ext_resource path="res://Assets/Tiles/tile_0055.png" type="Texture" id=1]
[ext_resource path="res://Assets/Tiles/tile_0056.png" type="Texture" id=2]
[ext_resource path="res://Code/Enemy_2.gd" type="Script" id=3]

[sub_resource type="SpriteFrames" id=1]
animations = [ {
"frames": [ ExtResource( 1 ), ExtResource( 2 ) ],
"loop": true,
"name": "Run",
"speed": 10.0
} ]

[sub_resource type="CircleShape2D" id=2]
radius = 3.87517

[sub_resource type="CapsuleShape2D" id=3]
radius = 3.77595
height = 5.91416

[sub_resource type="CircleShape2D" id=4]
radius = 5.53901

[sub_resource type="RectangleShape2D" id=5]
extents = Vector2( 8, 4 )

[node name="Enemy_2" type="KinematicBody2D"]
collision_layer = 2
collision_mask = 9
script = ExtResource( 3 )

[node name="Sprite" type="AnimatedSprite" parent="."]
frames = SubResource( 1 )
animation = "Run"
frame = 1
playing = true

[node name="CollisionShape2D" type="CollisionShape2D" parent="."]
position = Vector2( 0, 4.24264 )
shape = SubResource( 2 )

[node name="Die" type="CollisionShape2D" parent="."]
position = Vector2( 0, 4.24264 )
rotation = 1.57079
shape = SubResource( 3 )

[node name="Turn" type="Area2D" parent="."]
position = Vector2( 16, 0 )
collision_layer = 0
collision_mask = 8

[node name="CollisionShape2D" type="CollisionShape2D" parent="Turn"]
shape = SubResource( 4 )

[node name="Explosive" type="Area2D" parent="."]
collision_layer = 2
collision_mask = 16

[node name="CollisionShape2D" type="CollisionShape2D" parent="Explosive"]
position = Vector2( -2.38419e-07, 4 )
shape = SubResource( 5 )

[connection signal="body_entered" from="Turn" to="." method="_on_Turn_body_entered"]
[connection signal="body_entered" from="Explosive" to="." method="_on_Explosive_body_entered"]
